%@misc{citekey,
%    author       = "",
%    title        = "",
%    howpublished = "",
%    month        = "",
%    year         = "",
%    note         = "",
%    annote       = ""
%}

@misc{docker-overview,
    title = {{Docker overview}},
    publisher = {Docker Inc.},
    howpublished = {[online]},
    note = {[dostęp 30.11.2023]},
    url = {https://docs.docker.com/get-started/overview/}
}

@misc{kubernetes-overview,
    title = {{Kubernetes Overview}},
    publisher = {{The Kubernetes Authors}},
    howpublished = {[online]},
    note = {[dostęp 26.11.2023]},
    url = {https://kubernetes.io/docs/concepts/overview/}
}

@misc{microk8s-docs-home,
    title = {{MicroK8s}},
    howpublished = {[online]},
    note = {[dostęp 21.10.2023]},
    url = {https://microk8s.io/docs}
}

@misc{helm-home,
    title = {{What is Helm?}},
    howpublished = {[online]},
    note = {[dostęp 21.10.2023]},
    url = {https://helm.sh/}
}

@misc{postgresql-home,
    title = {{Postgresql}},
    howpublished = {[online]},
    note = {[dostęp 23.10.2023]},
    url = {https://www.postgresql.org/}
}

@misc{kubernetes-generate-certificates-manually,
    title = {{Generate Certificates Manually}},
    howpublished = {[online]},
    note = {[dostęp 27.10.2023]},
    url = {https://kubernetes.io/docs/tasks/administer-cluster/certificates/}
}

@misc{cert-manager-home,
    title = {{cert-manager}},
    howpublished = {[online]},
    note = {[dostęp 27.10.2023]},
    url = {https://cert-manager.io/}
}

@misc{distribution-github,
    title = {{distribution}},
    howpublished = {[online]},
    note = {[dostęp 27.10.2023]},
    url = {https://github.com/distribution/distribution}
}

@misc{oci-distribution-specification-github,
    title = {{OCI Distribution Specification}},
    howpublished = {[online]},
    note = {[dostęp 27.10.2023]},
    url = {https://github.com/opencontainers/distribution-spec}
}

@misc{medusajs-home,
    title = {{Medusa}},
    howpublished = {[online]},
    note = {[dostęp 01.11.2023]},
    url = {https://medusajs.com/}
}

@misc{fashion-dataset,
    title = {{Fashion Product Images Dataset}},
    author = {{Param Aggarwal}},
    howpublished = {[online]},
    note = {[dostęp 29.11.2023]},
    url = {https://www.kaggle.com/datasets/paramaggarwal/fashion-product-images-dataset/data}
}

@misc{oci-security-lists,
    title = {{OCI Security Lists}},
    publisher = {Oracle Cloud Infrastructure Documentation},
    howpublished = {[online]},
    note = {[dostęp 27.10.2023]},
    url = {https://docs.oracle.com/en-us/iaas/Content/Network/Concepts/securitylists.html}
}
